<marc:record xmlns:marc="http://www.loc.gov/MARC21/slim"><marc:leader>00603nam a22001690a 45 0</marc:leader><marc:controlfield tag="001">306699</marc:controlfield><marc:controlfield tag="003">NL-AMISG</marc:controlfield><marc:controlfield tag="005">19971023171714.0</marc:controlfield><marc:controlfield tag="008">199710suuuuuuuune |||||||||||||||||dut d</marc:controlfield><marc:datafield ind1=" " ind2=" " tag="035"><marc:subfield code="a">(IISG)IISGb10058482</marc:subfield></marc:datafield><marc:datafield ind1=" " ind2=" " tag="040"><marc:subfield code="a">NL-AmISG</marc:subfield></marc:datafield><marc:datafield ind1="0" ind2=" " tag="041"><marc:subfield code="a">dut</marc:subfield></marc:datafield><marc:datafield ind1=" " ind2=" " tag="044"><marc:subfield code="a">ne</marc:subfield></marc:datafield><marc:datafield ind1="1" ind2="3" tag="245"><marc:subfield code="a">De anti-dumpingwet.</marc:subfield></marc:datafield><marc:datafield ind1=" " ind2=" " tag="260"><marc:subfield code="a">[S.l.] :</marc:subfield><marc:subfield code="b">Nederlandsche Vereeniging voor Vrijhandel,</marc:subfield><marc:subfield code="c">1931.</marc:subfield></marc:datafield><marc:datafield ind1=" " ind2=" " tag="300"><marc:subfield code="a">6 p.</marc:subfield></marc:datafield><marc:datafield ind1=" " ind2=" " tag="690"><marc:subfield code="a">Bro N 1122</marc:subfield><marc:subfield code="b">Netherlands; economy; economic policy; international economic relations; free trade and protection</marc:subfield><marc:subfield code="c">Nederland; economie; economische politiek; economische betrekkingen met andere landen; vrijhandel en protectie.</marc:subfield></marc:datafield><marc:datafield ind1=" " ind2="0" tag="830"><marc:subfield code="a">"Vrede vraagt vrijhandel" ;</marc:subfield><marc:subfield code="v">54.</marc:subfield></marc:datafield><marc:datafield ind1=" " ind2=" " tag="852"><marc:subfield code="a">IISG</marc:subfield><marc:subfield code="b">IISG</marc:subfield><marc:subfield code="c">IISG</marc:subfield><marc:subfield code="j">Bro N 1122/544</marc:subfield><marc:subfield code="p">N10057853</marc:subfield></marc:datafield><marc:datafield ind1=" " ind2=" " tag="901"><marc:subfield code="a">306699</marc:subfield><marc:subfield code="b">Unknown</marc:subfield><marc:subfield code="c">306699</marc:subfield><marc:subfield code="t">biblio</marc:subfield></marc:datafield><marc:datafield ind1=" " ind2=" " tag="902"><marc:subfield code="a">10622/DF2F8B0D-9342-40C7-9CDC-D69FBFB0C3FF</marc:subfield></marc:datafield></marc:record>